@manual{ad:an244,
    organization  = "Analog Devices",
    title         = "{A User's Guide to IC Instrumentation Amplifiers}",
    author        = "Jeffrey R. Riskin",
    number        = "AN-244",
    year          = "1999",
    url           = "https://www.analog.com/media/en/technical-documentation/application-notes/AN-244.pdf"
}
@book{ad:designers,
    publisher     = "Analog Devices",
    title         = "{A Designer's Guide Instrumentation Amplifiers}",
    author        = "Charles Kitchin and Lew Counts",
    year          = "2006",
    edition       = "Third",
    url           = "https://www.analog.com/media/en/training-seminars/design-handbooks/designers-guide-instrument-amps-complete.pdf"
}
@manual{sf:pwm,
    organization  = "SparkFun",
    title         = "{Basic Pulse Width Modulation}",
    author        = "Gerald Recktenwald",
    year          = 2011,
    month         = 11,
    day           = 14,
    number        = "{EAS 199}",
    url           = "https://cdn.sparkfun.com/assets/resources/4/4/PWM_output_Arduino.pdf"
}
@manual{sf:gettingstarted,
    organization  = "SparkFun",
    title         = "{Getting Started with Load Cells}",
    author        = "Sarah Al-Mutlaq",
    year          =  "2016",
    url           = "https://learn.sparkfun.com/tutorials/getting-started-with-load-cells/all"
}
@misc{htc:tal221,
    author        = "{HTC Sensor}",
    title         = "{TAL221 Miniture Load Cell}",
    url           = "https://cdn.sparkfun.com/assets/9/9/a/f/3/TAL221.pdf"
}
@manual{mit:bias,
    organization  = "MIT OpenCourseWare",
    title         = "{How to Bias an Op-Amp}",
    number        = "MAS.836",
    year          = "2011",
    url           = "https://ocw.mit.edu/courses/media-arts-and-sciences/mas-836-sensor-technologies-for-interactive-environments-spring-2011/readings/MITMAS_836S11_read02_bias.pdf"
}
@manual{ti:sloa034,
    organization  = "Texas Instruments",
    author        = "James Karki",
    year          = "1999",
    month         = "9",
    title         = "{Signal Conditioning Wheatstone Resistive Bridge Sensors}",
    number        = "SLOA034",
    url           = "https://www.ti.com/lit/an/sloa034/sloa034.pdf"
}
@manual{ti:sloa054,
    organization  = "Texas Instruments",
    author        = "James Karki",
    year          = "2016",
    month         = "9",
    title         = "{Fully-Differential Amplifiers}",
    number        = "SLOA054",
    url           = "https://www.ti.com/lit/an/sloa054e/sloa054e.pdf"
}
@misc{website:panasonic,
    author        = "Panasonic",
    year          = "2020",
    month         = "5",
    day           = "26",
    title         = "{Basic Knowledge of LC Filters}",
    url           = "https://industrial.panasonic.com/sa/ss/technical/b4"
}
@misc{website:edn,
    author        = "EDN",
    year          = "2005",
    month         = "9",
    day           = "15",
    title         = "{The right way to use instrumentation amplifiers}",
    url           = "https://www.edn.com/the-right-way-to-use-instrumentation-amplifiers/"
}
@manual{emc,
  title        = "{Part 4, Planes for 0V (ground) and power}",
  author       = "{Eur Ing Keith Armstrong C.Eng MIEE MIEEE}",
  organization = {EMC Standards},
  year         = 2017,
  month        = 06,
  day          = 29,
  url          = "https://www.emcstandards.co.uk/files/part_4_planes_corrected_29_june_17.pdf"
}
@online{2017Arduino,
    author = {sastorer},
    title = "{Arduino Uno - C++ 11 STD Library - \#2 by system - Installation \& Troubleshooting - Arduino Forum}",
    year = 2017,
    url = {https://forum.arduino.cc/t/arduino-uno-c-11-std-library/468141/2},
    urldate = {2021-08-27}
}